
@article{corporatefinanceinstitute.com,
author = {\url{https://corporatefinanceinstitute.com/resources/knowledge/valuation/what-is-free-cash-flow-fcf/}},
}

@article{coursera.org/learn/wharton-finance.com,
author = {\url{https://www.coursera.org/learn/wharton-finance}},
}

@article{venezuela,
author = {\url{https://www.nbcnews.com}},
}

@article{tax,
author = {\url{https://www.weforum.org/agenda/2019/11/income-tax-around-the-world}},
}

@article{worldTax,
author = {\url{https://ourworldindata.org/taxation}},
}
@article{TaxShield,
author = {\url{https://ebrary.net/735/business_finance/trade-off_theory_capital_structure}},
}

@article{accountingtools.com/articles/2017/5/6/depreciation-expense,
author = {\url{https://www.accountingtools.com/articles/2017/5/6/depreciation-expense
}},
}